<record><leader>01136cam a2200337 a 4500</leader><controlfield tag="001">1391910</controlfield><controlfield tag="008">910729s1985    fr a     b      1 0 fre d</controlfield><datafield ind1=" " ind2=" " tag="010"><subfield code="a">   85165817 //r88</subfield></datafield><datafield ind1=" " ind2=" " tag="020"><subfield code="a">2866420233</subfield></datafield><datafield ind1=" " ind2=" " tag="035"><subfield code="a">ocm13216915</subfield></datafield><datafield ind1=" " ind2=" " tag="040"><subfield code="a">DLC</subfield><subfield code="b">eng</subfield><subfield code="c">DLC</subfield></datafield><datafield ind1=" " ind2=" " tag="049"><subfield code="a">AEU</subfield><subfield code="b">eng</subfield></datafield><datafield ind1="0" ind2="0" tag="050"><subfield code="a">PN1995.7</subfield><subfield code="b">.C48 1985</subfield></datafield><datafield ind1="0" ind2=" " tag="082"><subfield code="a">791.43/09</subfield><subfield code="2">19</subfield></datafield><datafield ind1="0" ind2=" " tag="090"><subfield code="a">PN 1995.7 C528 1985</subfield></datafield><datafield ind1="1" ind2=" " tag="100"><subfield code="a">Chion, Michel,</subfield><subfield code="d">1947-</subfield></datafield><datafield ind1="1" ind2="3" tag="245"><subfield code="a">Le son au cin&#233;ma /</subfield><subfield code="c">Michel Chion.</subfield></datafield><datafield ind1=" " ind2=" " tag="260"><subfield code="a">Paris :</subfield><subfield code="b">Editions de l'Etoile :</subfield><subfield code="b">Diffusion, Seuil,</subfield><subfield code="c">[1985]</subfield></datafield><datafield ind1=" " ind2=" " tag="300"><subfield code="a">220 p. :</subfield><subfield code="b">ill. ;</subfield><subfield code="c">21 cm.</subfield></datafield><datafield ind1=" " ind2=" " tag="336"><subfield code="a">text</subfield><subfield code="b">txt</subfield><subfield code="2">rdacontent</subfield></datafield><datafield ind1=" " ind2=" " tag="337"><subfield code="a">unmediated</subfield><subfield code="b">n</subfield><subfield code="2">rdamedia</subfield></datafield><datafield ind1=" " ind2=" " tag="338"><subfield code="a">volume</subfield><subfield code="b">nc</subfield><subfield code="2">rdacarrier</subfield></datafield><datafield ind1="1" ind2=" " tag="490"><subfield code="a">Cahiers du cin&#233;ma. Collection Essais</subfield></datafield><datafield ind1=" " ind2=" " tag="500"><subfield code="a">Includes index.</subfield></datafield><datafield ind1=" " ind2=" " tag="504"><subfield code="a">Bibliography: p. [213]-216.</subfield></datafield><datafield ind1=" " ind2=" " tag="596"><subfield code="a">43</subfield></datafield><datafield ind1=" " ind2="0" tag="650"><subfield code="a">Sound motion pictures.</subfield></datafield><datafield ind1=" " ind2="0" tag="650"><subfield code="a">Motion pictures and music.</subfield></datafield><datafield ind1=" " ind2="0" tag="650"><subfield code="a">Motion picture music</subfield><subfield code="x">History and criticism.</subfield></datafield><datafield ind1=" " ind2="0" tag="830"><subfield code="a">Cahiers du cin&#233;ma.</subfield><subfield code="p">Essais.</subfield></datafield><datafield ind1=" " ind2=" " tag="926"><subfield code="a">PN 1995.7 C528 1985</subfield><subfield code="w">LC</subfield><subfield code="c">1</subfield><subfield code="i">000037333002</subfield><subfield code="d">5/14/2014</subfield><subfield code="e">4/14/2014</subfield><subfield code="l">ON_SHELF</subfield><subfield code="m">UAHSS</subfield><subfield code="n">13</subfield><subfield code="p">$150.00</subfield><subfield code="r">Y</subfield><subfield code="s">Y</subfield><subfield code="t">BOOK</subfield><subfield code="u">8/15/1991</subfield></datafield></record>